<record xmlns="http://www.loc.gov/MARC21/slim">
   <leader>01789cam a2200433 a 4500</leader>
   <controlfield tag="001">1321990</controlfield>
   <controlfield tag="005">19900515141346.5</controlfield>
   <controlfield tag="008">900921s1985    nyuag    b      1 0 eng d</controlfield>
   <datafield ind1=" " ind2=" " tag="010">
      <subfield code="a">   84016656 /MN/r902</subfield>
   </datafield>
   <datafield ind1=" " ind2=" " tag="020">
      <subfield code="a">0138925143</subfield>
   </datafield>
   <datafield ind1=" " ind2=" " tag="035">
      <subfield code="a">ocm11067717</subfield>
   </datafield>
   <datafield ind1=" " ind2=" " tag="040">
      <subfield code="a">DLC</subfield>
      <subfield code="b">eng</subfield>
      <subfield code="c">DLC</subfield>
      <subfield code="d">DLC</subfield>
      <subfield code="d">ARDC</subfield>
   </datafield>
   <datafield ind1=" " ind2=" " tag="043">
      <subfield code="a">n-us---</subfield>
   </datafield>
   <datafield ind1=" " ind2=" " tag="049">
      <subfield code="a">AEU</subfield>
      <subfield code="b">eng</subfield>
   </datafield>
   <datafield ind1="0" ind2="0" tag="050">
      <subfield code="a">MT930</subfield>
      <subfield code="b">.S9 1985</subfield>
   </datafield>
   <datafield ind1="0" ind2="0" tag="082">
      <subfield code="a">372.8/73</subfield>
      <subfield code="2">19</subfield>
   </datafield>
   <datafield ind1="0" ind2=" " tag="090">
      <subfield code="a">MT 930 .U5 S974 1985</subfield>
      <subfield code="b">GPRC</subfield>
   </datafield>
   <datafield ind1=" " ind2="4" tag="090">
      <subfield code="a">MT 930 S964 1985</subfield>
      <subfield code="b">ARDC</subfield>
   </datafield>
   <datafield ind1="0" ind2=" " tag="090">
      <subfield code="a">MT 930 U5 S932 1985</subfield>
      <subfield code="b">AEKC</subfield>
   </datafield>
   <datafield ind1="0" ind2=" " tag="090">
      <subfield code="a">MT 930 U5 S974 1985</subfield>
   </datafield>
   <datafield ind1="1" ind2=" " tag="100">
      <subfield code="a">Swears, Linda.</subfield>
   </datafield>
   <datafield ind1="1" ind2="0" tag="245">
      <subfield code="a">Teaching the elementary school chorus /</subfield>
      <subfield code="c">Linda Swears.</subfield>
   </datafield>
   <datafield ind1=" " ind2=" " tag="260">
      <subfield code="a">West Nyack, N.Y. :</subfield>
      <subfield code="b">Parker Pub. Co.,</subfield>
      <subfield code="c">c1985.</subfield>
   </datafield>
   <datafield ind1=" " ind2=" " tag="300">
      <subfield code="a">xiii, 209 p. :</subfield>
      <subfield code="b">ill., music ;</subfield>
      <subfield code="c">25 cm.</subfield>
   </datafield>
   <datafield ind1=" " ind2=" " tag="336">
      <subfield code="a">text</subfield>
      <subfield code="b">txt</subfield>
      <subfield code="2">rdacontent</subfield>
   </datafield>
   <datafield ind1=" " ind2=" " tag="337">
      <subfield code="a">unmediated</subfield>
      <subfield code="b">n</subfield>
      <subfield code="2">rdamedia</subfield>
   </datafield>
   <datafield ind1=" " ind2=" " tag="338">
      <subfield code="a">volume</subfield>
      <subfield code="b">nc</subfield>
      <subfield code="2">rdacarrier</subfield>
   </datafield>
   <datafield ind1=" " ind2=" " tag="500">
      <subfield code="a">Includes index.</subfield>
   </datafield>
   <datafield ind1=" " ind2=" " tag="504">
      <subfield code="a">Bibliography: p. 199-200.</subfield>
   </datafield>
   <datafield ind1=" " ind2=" " tag="590">
      <subfield code="a">Approved for use in alberta schools.</subfield>
   </datafield>
   <datafield ind1=" " ind2=" " tag="596">
      <subfield code="a">28 31 35 41</subfield>
   </datafield>
   <datafield ind1=" " ind2="0" tag="650">
      <subfield code="a">Choral singing</subfield>
      <subfield code="x">Instruction and study</subfield>
      <subfield code="v">Juvenile.</subfield>
   </datafield>
   <datafield ind1=" " ind2="0" tag="650">
      <subfield code="a">School music</subfield>
      <subfield code="x">Instruction and study</subfield>
      <subfield code="z">United States.</subfield>
   </datafield>
   <datafield ind1=" " ind2="0" tag="650">
      <subfield code="a">Children's choirs.</subfield>
   </datafield>
   <datafield ind1=" " ind2="4" tag="650">
      <subfield code="a">Music grade 1, 2, 3, 4, 5, 6.</subfield>
   </datafield>
   <datafield ind1=" " ind2=" " tag="926">
      <subfield code="a">MT 930 U5 S974 1985</subfield>
      <subfield code="w">LC</subfield>
      <subfield code="c">1</subfield>
      <subfield code="i">000034224808</subfield>
      <subfield code="d">4/1/2014</subfield>
      <subfield code="e">3/10/2014</subfield>
      <subfield code="l">FLOOR_2</subfield>
      <subfield code="m">UAEDUC</subfield>
      <subfield code="n">35</subfield>
      <subfield code="p">$150.00</subfield>
      <subfield code="r">Y</subfield>
      <subfield code="s">Y</subfield>
      <subfield code="t">BOOK</subfield>
      <subfield code="u">10/1/1990</subfield>
   </datafield>
   <datafield ind1=" " ind2=" " tag="926">
      <subfield code="a">MT 930 S964 1985 gr.1-6</subfield>
      <subfield code="w">LC</subfield>
      <subfield code="c">1</subfield>
      <subfield code="i">30125301736202</subfield>
      <subfield code="d">10/16/2006</subfield>
      <subfield code="e">10/2/2006</subfield>
      <subfield code="l">CURRICULUM</subfield>
      <subfield code="m">RED_DEER_C</subfield>
      <subfield code="n">6</subfield>
      <subfield code="p">$75.00</subfield>
      <subfield code="r">Y</subfield>
      <subfield code="s">Y</subfield>
      <subfield code="t">CURR_BOOK</subfield>
      <subfield code="u">9/7/1997</subfield>
   </datafield>
   <datafield ind1=" " ind2=" " tag="926">
      <subfield code="a">MT 930 U5 S932 1985</subfield>
      <subfield code="w">LC</subfield>
      <subfield code="c">1</subfield>
      <subfield code="i">31979000106946</subfield>
      <subfield code="d">2/10/2017</subfield>
      <subfield code="e">2/3/2017</subfield>
      <subfield code="l">CURRICULUM</subfield>
      <subfield code="m">KINGS</subfield>
      <subfield code="n">20</subfield>
      <subfield code="q">1</subfield>
      <subfield code="r">Y</subfield>
      <subfield code="s">Y</subfield>
      <subfield code="t">BOOK</subfield>
      <subfield code="u">1/18/1997</subfield>
   </datafield>
   <datafield ind1=" " ind2=" " tag="926">
      <subfield code="a">MT 930 .U5 S974 1985</subfield>
      <subfield code="w">LC</subfield>
      <subfield code="c">1</subfield>
      <subfield code="i">0162003694450</subfield>
      <subfield code="d">11/3/2009</subfield>
      <subfield code="e">10/22/2009</subfield>
      <subfield code="l">CURRICULUM</subfield>
      <subfield code="m">GPRC_GP</subfield>
      <subfield code="n">7</subfield>
      <subfield code="p">$150.00</subfield>
      <subfield code="q">2</subfield>
      <subfield code="r">Y</subfield>
      <subfield code="s">Y</subfield>
      <subfield code="t">LOCAL_LOAN</subfield>
      <subfield code="u">7/12/1999</subfield>
   </datafield>
</record>
